@inproceedings{DBLP:conf/europar/Ngoko16,
  author    = {Yanik Ngoko},
  title     = {Heating as a Cloud-Service, {A} Position Paper (Industrial Presentation)},
  booktitle = {Euro-Par 2016: Parallel Processing - 22nd International Conference
               on Parallel and Distributed Computing, Grenoble, France, August 24-26,
               2016, Proceedings},
  pages     = {389--401},
  year      = {2016},
}

@Article{Igual2013,
author="Igual, Raul and Medrano, Carlos and Plaza, Inmaculada",
title="Challenges, issues and trends in fall detection systems",
journal="BioMedical Engineering OnLine",
year="2013",
volume="12",
number="1",
pages="66",
}

@Article{Mubashir:2013:SFD:2397722.2397898,
author = {Mubashir Muhammad and Shao Ling and Seed Luke},
title = {A Survey on Fall Detection: Principles and Approaches},
journal = {Neurocomput.},
year = {2013},
volume = {100},
pages = {144--152},
month = {jan},
}

@inproceedings{Xiaodan2009,
author = {Xiaodan Zhuang and Jing Huang and Gerasimos Potamianos and Mark Hasegawa-Johnson},
title = {Acoustic fall detection using Gaussian Mixture Models and GMM supervectors},
booktitle = {2009 IEEE International Conference on Acoustics, Speech, and Signal Processing},
year = {2009},
publisher = {IEEE},
}

@Article{Yun2012,
author = {Yun Li and K. C. Ho and Mihail Popescu},
title = {A Microphone Array System for Automatic Fall Detection},
journal = {IEEE Transactions on biomedical engineering},
year = {2012},
volume = {59},
number = {2},
month = {may},
}

@Article{Muhammad2014,
author = {Muhammad Salman Khan and Miao Yu and Pengming Feng and Liang Wang and Jonathon Chambers},
title = {An unsupervised acoustic fall detection system using source separation for sound interference suppression},
journal = {Signal Processing},
year = {2015},
pages = {199-210},
}

@online{Dataset,
author = {Antoine Trapet},
title = {Fall detection Dataset},
year = {2013},
url = {http://le2i.cnrs.fr/Fall-detection-Dataset?lang=en},
organization = {Le2i-Laboratoire Electronique, Informatique et Image},
}

@Article{giannakopoulos2015pyaudioanalysis,
author = {Giannakopoulos, Theodoros},
title = {pyAudioAnalysis: An Open-Source Python Library for Audio Signal Analysis},
journal = {PloS one},
volume = {10},
number = {12},
year = {2015},
publisher = {Public Library of Science}
}




